@book{rauschenbach1,
  author = {Б. В. Раушенбах},
  title = {Пространственные построения в живописи},
  publisher = {Наука},
  address = {Москва},
  year = {1975},
  language = {ru}
}
@book{rauschenbach2,
  author = {Б. В. Раушенбах},
  title = {Системы перспективы в изобразительном искусстве. Общая теория перспективы},
  publisher = {Наука},
  address = {Москва},
  year = {1986},
  language = {ru}
}
@book{rauschenbach3,
  author = {Б. В. Раушенбах},
  title = {Геометрия картины и зрительное восприятие},
  publisher = {Азбука-классика},
  address = {Санкт-Петербург},
  year = {2001},
  language = {ru}
}
@book{marr,
  author = {Marr, David},
  title = {Vision: A Computational Investigation into the Human Representation and Processing of Visual Information},
  year = {1982},
  isbn = {0716715678},
  publisher = {Henry Holt and Co., Inc.},
  address = {New York, NY, USA},
}
@article{slater1997a,
  author = {Slater, Mel and Wilbur, Sylvia},
  title = {A Framework for Immersive Virtual Environments (FIVE): Speculations on the Role of Presence in Virtual Environments},
  date = {1997-12},
  volume = {6},
  pages = {603-616},
  publisher = {MIT},
  number = {6},
  language = {en}
}
@article{slater2009a,
  author = {Slater, Mel and Lotto, Beau and Arnold, Maria Marta and Sanchez-Vives, Maria V.},
  title = {How we experience immersive virtual environments: the concept of presence and its measurement},
  journal = {The UB Journal of psychology},
  date = {2009},
  volume = {40},
  number = {2},
  language = {en}
}
@article{persky2009a,
  author = {Persky, Susan and McBride, Colleen M.},
  title = {Immersive Virtual Environment Technology: A Promising Tool for Future Social and Behavioral Genomics Research and Practice},
  journal = {Health Commun},
  date = {2009-12},
  volume = {24},
  pages = {677-682},
  number = {8},
  language = {en}
}
@article{blascovich1999a,
  author = {Blascovich, James J. and Loomis, Jack M. and Beall, Andrew C.},
  title = {Immersive virtual environment technology as a basic research tool in psychology},
  journal = {Behavior Research Methods, Instruments \& Computers},
  date = {1999},
  pages = {557-564},
  number = {31},
  language = {en}
}
@article{blascovich2002a,
  author = {Blascovich, Jim and Loomis, Jack and Beall, Andrew C. and Swinth, Kimberly R. and Hoyt, Crystal L. and Jeremy N. Bailenson},
  title = {Immersive Virtual Environment Technology as a Methodological Tool for Social Psychology},
  journal = {Psychological Inquiry},
  date = {2002},
  pages = {103-124},
  number = {13},
  language = {en}
}
@article{mine1997a,
  author = {Mine, Mark R. and Brooks, Jr., Frederick P. and Sequin, Carlo H.},
  booktitle = {Moving Objects In Space: Exploiting Proprioception In Virtual-Environment Interaction},
  journal = {Proceedings of the 24th annual conference on Computer graphics and interactive techniques},
  pages = {19-26},
  publisher = {ACM Press/Addison-Wesley Publishing Co},
  date = {1997},
  language = {en},
  address = {New York, NY, USA}
}
@article{klimenko2008a,
  author = {С. В. Клименко and М. В. Брагута},
  title = {Использование систем виртуального окружения для визуализации информации в сфере управления электроэнергетическими системами},
  journal = {Вестник ИГЭУ},
  volume = {4},
  date = {2008},
  language = {ru}
}
@article{rachel2003a,
  author = {Kizony, Rachel and Katz, Noomi and Weiss, Patrice L. (Tamar)},
  title = {Adapting an immersive virtual reality system for rehabilitation},
  journal = {The Journal of Visualization and Computer Animation, Special Issue: Virtual Reality in Mental Health and Rehabilitation},
  volume = {14},
  pages = {261-268},
  date = {2003-12},
  number = {5},
  language = {en}
}
@article{banton2005a,
  author = {Banton, Tom and Stefanucci, Jeanine and Durgin, Frank and Fass, Adam and Proffitt, Dennis},
  title = {The Perception of Walking Speed In a Virtual Environment},
  journal = {Presence: Teleoperators and Virtual Environments},
  volume = {14},
  date = {2005-08},
  pages = {394-406},
  publisher = {MIT Press},
  number = {4},
  language = {en},
  address = {Cambridge, MA, USA}
}
@article{interrante2006a,
  author = {Interrante, Victoria and Ries, Brian and Anderson, Lee},
  title = {Distance Perception in Immersive Virtual Environments, Revisited},
  journal = {IEEE Virtual Reality Conference VR2006},
  pages = {3-10},
  date = {2006-03},
  language = {en}
}
@article{willemsen2008a,
  author = {Willemsen, Peter and Thompson, William B. and Goocha, Amy A. and Creem-Regehr, Sarah H.},
  title = {Effects of Stereo Viewing Conditions on Distance Perception in Virtual Environments},
  journal = {Presence: Teleoperators and Virtual Environments},
  volume = {17},
  date = {2008-02},
  pages = {91-101},
  publisher = {MIT Press},
  number = {1},
  language = {en},
  address = {Cambridge, MA, USA}
}
@inproceedings{stefanucci2012a,
  author = {Stefanucci, Jeanine K. and Lessard, David A. and Geuss, Michael N. and Creem-Regehr, Sarah H. and Thompson, William B.},
  title = {Evaluating the Accuracy of Size Perception in Real and Virtual Environments},
  booktitle = {Proceedings of the ACM Symposium on Applied Perception SAP'12},
  pages = {79-82},
  date = {2012},
  language = {en},
  address = {ACM New York, NY, USA}
}
@book{rolland1993a,
  author = {Rolland, Jannick P. and Burbeck, Christina A. and Gibson, William and Ariely, Dan},
  title = "Towards Quantifying Depth and Size Perception in {3D} Virtual Environments",
  publisher = {USA},
  date = {1993},
  language = {en},
  type = {Technical Report},
  address = {Hill, NC},
  organization = {University of North Carolina at Chapel Hill Chapel}
}
@article{g2012a,
  author = {Girbacia, F. and Beraru, A. and Talaba, D. and Mogan, G.},
  title = "Visual Depth Perception of {3D} {CAD} Models in Desktop and Immersive Virtual Environments",
  journal = {Intertational Journal of Computers Communications \& Control},
  volume = {7},
  pages = {840-848},
  date = {2012-12},
  number = {5},
  language = {en}
}
@article{witmer1998a,
  author = {Witmer, Bob G. and Kline, Paul B.},
  title = {Judging Perceived and Traversed Distance in Virtual Environments},
  journal = {Presence: Teleoperators and Virtual Environments},
  volume = {7},
  pages = {144-167},
  date = {1998-04},
  publisher = {MIT Press},
  number = {2},
  language = {en}
}
@article{franco2015a,
  author = {Franco, Paola Di Giuseppantonio Di and Camporesi, Carlo and Galeazzi, Fabrizio and Kallmann, Marcelo},
  title = "{3D} Printing and Immersive Visualization for Improved Perception of Ancient Artifacts",
  journal = {Presence: Teleoperators and Virtual Environments},
  volume = {24},
  date = {2015},
  pages = {243-264},
  publisher = {MIT Press},
  number = {3},
  language = {en},
  address = {Cambridge, MA, USA}
}
@article{witmer1998b,
  author = {Witmer, Bob G. and Singer, Michael J.},
  title = {Measuring Presence in Virtual Environments: A Presence Questionnaire},
  journal = {Presence: Teleoperators and Virtual Environments},
  volume = {7},
  date = {1998-06},
  pages = {225-240},
  publisher = {MIT Press},
  number = {3},
  language = {en},
  address = {Cambridge, MA, USA}
}
@article{slater1999a,
  author = {Slater, Mel},
  title = {Measuring Presence: A Response to the Witmer and Singer Presence Questionnaire},
  journal = {Presence: Teleoperators and Virtual Environments},
  date = {1999-10},
  volume = {8},
  pages = {560-565},
  publisher = {MIT},
  number = {5},
  language = {en}
}
@article{van1998a,
  author = {van Veen, Hendrik A.H.C. and Distler, Hartwig K. and Braun, Stephan J. and Biilthoff, Heinrich H.},
  title = {Navigating through a virtual city: Using virtual reality technology to study human action and perception},
  journal = {Future Generation Computer Systems},
  volume = {14},
  date = {1998},
  pages = {231-242},
  language = {en}
}
@article{aleshin-a,
  author = {Aleshin, Vladimir and Sandler, Andrei and Klimenko, Stanislav and Bobkov, Alexander and Novgorodtsev, Dimitrij and Klimenko, Andrey},
  title = "The use of virtual environment systems for a research of {3D} perception of the ski course",
  journal = {SCIENCE AND SKIING VI, Meyer\&Meyer Sport},
  date = {2015},
  isbn = {978-1-78255-066-2},
  pages = {95-103},
  language = {en}
}
@article{aleshin-b,
  author = {Aleshin, Vladimir and Afanasiev, Valery and Bobkov, Alexander and Klimenko, Stanislav and Kuliev, Vitaly and Novgorodtsev, Dmitry},
  title = "Visual {3D} perception of the ski course and visibility factors in virtual space",
  journal = {Transactions on Computational Science},
  volume = {7380},
  pages = {17-33},
  language = {en}
}
@article{slater2009b,
  author = {Slater, Mel and Khanna, Pankaj and Mortensen, Jesper and Yu, Insu},
  title = {Visual Realism Enhances Realistic Response in an Immersive Virtual Environment},
  journal = {IEEE Computer Graphics and Applications},
  booktitle = {Voume 29, Issue 3},
  pages = {76-84},
  date = {2009},
  publisher = {IEEE},
  language = {fr}
}
@article{lange2001a,
  author = {Lange, Eckart},
  title = {The limits of realism: perceptions of virtual landscapes},
  journal = {Landscape and Urban Planning},
  volume = {54},
  pages = {163-182},
  date = {2001-05},
  number = {1},
  language = {en}
}
@article{garau2005a,
  author = {Garau, Maia and Slater, Mel and Pertaub, David-Paul and Razzaque, Sharif},
  title = {The Responses of People to Virtual Humans in an Immersive Virtual Environment},
  journal = {Presence: Teleoperators and Virtual Environments},
  date = {2005-02},
  volume = {14},
  pages = {104-116},
  publisher = {MIT},
  number = {1},
  language = {en}
}
@misc{bunraku,
  author = {{Bunraku-Team}},
  title = {Virtual reality to analyze interaction between humans},
  year = 2016,
  howpublished = {http://raweb.inria.fr/rapportsactivite/RA2007/bunraku/uid122.html},
  urldate = {2016-06-06}
}
@misc{cave,
  author = {{Virtual Reality Society}},
  title = {{CAVE} Fully Immersive Virtual Reality},
  year = 2016,
  howpublished = {http://www.vrs.org.uk/virtual-reality-environments/cave.html},
  urldate = {2016-06-06}
}
@misc{hive,
  author = {{Geomedia}},
  title = {{HIVE} Virtual Reality},
  year = 2016,
  howpublished = {http://geomedia.com/hive-vr},
  urldate = {2016-06-06}
}
@misc{ivre,
  author = {{Computational Interaction and Robotics Laboratory}},
  title = {{IVRE} - An Immersive Virtual Robotics Environment},
  year = 2016,
  howpublished = {http://cirl.lcsr.jhu.edu/research/human-machine-collaborative-systems/ivre/},
  urldate = {2016-06-06}
}
@misc{VRCube,
  author = {{Barco Ltd.}},
  title = {{TAN VR-Cube} - Cubic, immersive virtual environment},
  year = 2016,
  howpublished = {https://www.barco.com/en/Products/Cubic-immersive-virtual-environment.aspx},
  urldate = {2016-06-06}
}
@misc{VRPN,
  title = {{VRPN}: Virtual Reality Peripheral Network - Official Repo},
  year = 2016,
  howpublished = {https://github.com/vrpn/vrpn/wiki},
  urldate = {2016-06-06}
}
@misc{gnuplot-iostream,
  author = {Stahlke, Dan},
  title = {Gnuplot-Iostream Interface},
  year = 2016,
  howpublished = {https://github.com/dstahlke/gnuplot-iostream},
  urldate = {2016-06-06}
}
